@ONLINE {[NumPy],
    author = "NumPy developers",
    title  = "NumPy",
    month  = "apr",
    url    = "http://www.numpy.org/",
    addendum = "(accessed: 26.03.2019)",
}

@online{[OpenCVOrg],
    author = "OpenCV org",
    title = "OpenCV Library",
    url  = "https://opencv.org",
    addendum = "(accessed: 25.03.2019)",
}
@online{[PyImageSearch],
    author = "PyImageSearch",
    title = "Capturing mouse click events with Python and OpenCV",
    url  = "https://www.pyimagesearch.com/2015/03/09/capturing-mouse-click-events-with-python-and-opencv/",
    addendum = "(accessed: 26.03.2019)",
}
@online{[DistanciaEuclidiana],
    author = "Kizar",
    title = "Dist√¢ncia eucliadiana",
    url  = "https://pt.wikipedia.org/wiki/Dist%C3%A2ncia_euclidiana",
    addendum = "(accessed: 25.03.2019)",
}
@online{[VM],
    author = "Oracle",
    title = "Oracle VM VirtualBox",
    url  = "https://www.virtualbox.org/",
    addendum = "(accessed: 23.03.2019)",
}
@online{[CameraTest],
    author = "Justin Mitchel",
    title = "Web camera quick test",
    url  = "https://www.codingforentrepreneurs.com/blog/opencv-python-web-camera-quick-test/",
    addendum = "(accessed: 25.03.2019)",
}

